<?xml version="1.0" encoding="UTF-8"?><record xmlns="http://www.loc.gov/MARC21/slim" xmlns:cinclude="http://apache.org/cocoon/include/1.0" xmlns:zs="http://www.loc.gov/zing/srw/">
  <leader>00887cz  a2200193n  4500</leader>
  <controlfield tag="001">n 2004047750</controlfield>
  <controlfield tag="003">DLC</controlfield>
  <controlfield tag="005">20120816075244.0</controlfield>
  <controlfield tag="008">041025n| acannaabn          |a ana      </controlfield>
  <datafield tag="010" ind1=" " ind2=" ">
    <subfield code="a">n 2004047750</subfield>
  </datafield>
  <datafield tag="040" ind1=" " ind2=" ">
    <subfield code="a">DLC</subfield>
    <subfield code="b">eng</subfield>
    <subfield code="c">DLC</subfield>
    <subfield code="d">DLC</subfield>
  </datafield>
  <datafield tag="111" ind1="2" ind2=" ">
    <subfield code="a">Festival Internacional de Banda Desenhada</subfield>
  </datafield>
  <datafield tag="411" ind1="2" ind2=" ">
    <subfield code="a">B.D. Amadora (Conference)</subfield>
  </datafield>
  <datafield tag="411" ind1="2" ind2=" ">
    <subfield code="a">BD Amadora (Conference)</subfield>
  </datafield>
  <datafield tag="411" ind1="2" ind2=" ">
    <subfield code="a">Festival Internacional de Banda Desenhada da Amadora</subfield>
  </datafield>
  <datafield tag="411" ind1="2" ind2=" ">
    <subfield code="a">FIBDA</subfield>
  </datafield>
  <datafield tag="667" ind1=" " ind2=" ">
    <subfield code="a">THIS 1XX FIELD CANNOT BE USED UNDER RDA UNTIL THIS RECORD HAS BEEN REVIEWED AND/OR UPDATED</subfield>
  </datafield>
  <datafield tag="670" ind1=" " ind2=" ">
    <subfield code="a">Festival Internacional de Banda Desenhada (11th : 2000 : Amadora, Portugal). B.D. Amadora, 2000:</subfield>
    <subfield code="b">t.p. (Festival Internacional de Banda Desenhada)</subfield>
  </datafield>
  <datafield tag="670" ind1=" " ind2=" ">
    <subfield code="a">Its BD Amadora, 2004:</subfield>
    <subfield code="b">t.p. (BD Amadora; Festival Internacional de Banda Desenhada da Amadora) p. 2, etc. (FIBDA; Festival Internacional de Banda Desenhada)</subfield>
  </datafield>
</record>